<record><leader>00000cas a2200000 i 4500</leader><controlfield tag="001">50485274</controlfield><controlfield tag="008">020826d18811910iluin ne      0    0eng c</controlfield><datafield ind1=" " ind2=" " tag="010"><subfield code="a">  2014257108</subfield></datafield><datafield ind1=" " ind2=" " tag="040"><subfield code="a">NYP</subfield><subfield code="b">eng</subfield><subfield code="e">rda</subfield><subfield code="c">NYP</subfield><subfield code="d">OCLCQ</subfield><subfield code="d">INU</subfield></datafield><datafield ind1=" " ind2=" " tag="042"><subfield code="a">pcc</subfield></datafield><datafield ind1=" " ind2=" " tag="043"><subfield code="a">n-us-il</subfield></datafield><datafield ind1="0" ind2=" " tag="130"><subfield code="a">Northwestern (Evanston, Ill. : 1881)</subfield></datafield><datafield ind1="1" ind2="4" tag="245"><subfield code="a">The Northwestern.</subfield></datafield><datafield ind1="1" ind2="3" tag="246"><subfield code="a">North Western</subfield></datafield><datafield ind1=" " ind2="1" tag="264"><subfield code="a">Evanston, Illinois :</subfield><subfield code="b">Northwestern University,</subfield><subfield code="c">1881-1910.</subfield></datafield><datafield ind1=" " ind2=" " tag="300"><subfield code="a">volumes :</subfield><subfield code="b">illustrations</subfield></datafield><datafield ind1=" " ind2=" " tag="310"><subfield code="a">Three times a week during the academic year (slightly irregular),</subfield><subfield code="b">Oct. 1903-May 1910</subfield></datafield><datafield ind1=" " ind2=" " tag="321"><subfield code="a">Biweekly during the academic year (slightly irregular),</subfield><subfield code="b">1881-1887</subfield></datafield><datafield ind1=" " ind2=" " tag="321"><subfield code="a">Weekly during the academic year (slightly irregular),</subfield><subfield code="b">1888-June 1903</subfield></datafield><datafield ind1=" " ind2=" " tag="336"><subfield code="a">text</subfield><subfield code="b">txt</subfield><subfield code="2">rdacontent</subfield></datafield><datafield ind1=" " ind2=" " tag="337"><subfield code="a">unmediated</subfield><subfield code="b">n</subfield><subfield code="2">rdamedia</subfield></datafield><datafield ind1=" " ind2=" " tag="338"><subfield code="a">volume</subfield><subfield code="b">nc</subfield><subfield code="2">rdacarrier</subfield></datafield><datafield ind1="1" ind2=" " tag="362"><subfield code="a">Began with vol. 1, no. 1 (January 28, 1881); ceased with volume 30, number 81 (May 20, 1910).</subfield></datafield><datafield ind1=" " ind2=" " tag="500"><subfield code="a">Published "under the auspices of the literary societies."</subfield></datafield><datafield ind1=" " ind2=" " tag="515"><subfield code="a">Includes a "midsummer number" &lt;1887-1889&gt;.</subfield></datafield><datafield ind1=" " ind2=" " tag="515"><subfield code="a">Vol. 21, no. 19 (March 14, 1901) misnumbered as v. 22, no. 7.</subfield></datafield><datafield ind1=" " ind2=" " tag="580"><subfield code="a">Formed by the union of: Tripod (Evanston, Ill.); and: Vidette (Evanston, Ill.).</subfield></datafield><datafield ind1=" " ind2=" " tag="588"><subfield code="a">Description based on: Electronic reproduction of vol. 1, no. 1 (January 28, 1881); title from masthead.</subfield></datafield><datafield ind1=" " ind2=" " tag="588"><subfield code="a">Latest issue consulted: Electronic reproduction of volume 30, number 81 (May 20, 1910).</subfield></datafield><datafield ind1="2" ind2="0" tag="610"><subfield code="a">Northwestern University (Evanston, Ill.)</subfield><subfield code="v">Newspapers.</subfield></datafield><datafield ind1=" " ind2="0" tag="651"><subfield code="a">Evanston (Ill.)</subfield><subfield code="v">Newspapers.</subfield></datafield><datafield ind1=" " ind2="0" tag="655"><subfield code="a">College student newspapers and periodicals.</subfield></datafield><datafield ind1="2" ind2=" " tag="710"><subfield code="a">Northwestern University (Evanston, Ill.)</subfield></datafield><datafield ind1=" " ind2=" " tag="752"><subfield code="a">United States</subfield><subfield code="b">Illinois</subfield><subfield code="d">Evanston.</subfield></datafield><datafield ind1="0" ind2="8" tag="776"><subfield code="i">Online version:</subfield><subfield code="t">Northwestern</subfield><subfield code="w">(OCoLC)656947680</subfield></datafield><datafield ind1="1" ind2="4" tag="780"><subfield code="t">Tripod (Evanston, Ill.)</subfield><subfield code="w">(DLC)  2014257106</subfield><subfield code="w">(OCoLC)251869356</subfield></datafield><datafield ind1="1" ind2="4" tag="780"><subfield code="t">Vidette (Evanston, Ill.)</subfield><subfield code="w">(DLC)  2014257107</subfield><subfield code="w">(OCoLC)889454873</subfield></datafield><datafield ind1="0" ind2="0" tag="785"><subfield code="t">Daily Northwestern (Evanston, Ill.)</subfield><subfield code="x">1523-5033</subfield><subfield code="w">(DLC)sn 99005775</subfield><subfield code="w">(OCoLC)24865778</subfield></datafield></record>